<?xml version="1.0" encoding="UTF-8"?><collection xmlns="http://www.loc.gov/MARC21/slim"><record><leader>00427nam--2200133-i-4500</leader><controlfield tag="001">000007502</controlfield><controlfield tag="002">20161230</controlfield><controlfield tag="005">20161230201027</controlfield><controlfield tag="008">060222s1000------------r-----000-0-eng-d</controlfield><datafield ind1=" " ind2=" " tag="100"><subfield code="a">Adolphe, Claude</subfield></datafield><datafield ind1=" " ind2=" " tag="245"><subfield code="a">Contribution a l etude d un group de sulfures isostructuraux de terres rares et d yttrium de type: y5s7 et fey4s7</subfield></datafield><datafield ind1=" " ind2=" " tag="260"><subfield code="a">Paris, La Faculte Des Sciences De L Universite 1965 27 P</subfield></datafield><datafield ind1=" " ind2=" " tag="490"><subfield code="a">4474</subfield></datafield><datafield ind1=" " ind2=" " tag="852"><subfield code="a">22781</subfield></datafield></record></collection>